@book{chun2017,
  title     = {Updating to Remain the Same: Habitual New Media},
  author    = {Chun, Wendy Hui Kyong},
  year      = {2017},
  publisher = {MIT Press},
}

@book{perec2011,
  title     = {W or The Memory of Childhood},
  author    = {Perec, Georges},
  year      = {2011},
  publisher = {David R. Godine Publisher},
}
