@book{chun2017,
title v {uuu}
}
@book{perec2011,
itle = {W}
}